@inproceedings{DallmeierLiWaZe06,
 author = {Valentin Dallmeier and Christian Lindig and Andrzej Wasylkowski and Andreas Zeller},
 title = {Mining object behavior with ADABU},
 booktitle = {WODA '06: Proceedings of the 2006 international workshop on Dynamic systems analysis},
 year = {2006},
 isbn = {1-59593-400-6},
 pages = {17--24},
 location = {Shanghai, China},
 doi = {10.1145/1138912.1138918},
 publisher = {ACM Press},
 address = {New York, NY, USA},
 }

%AnanianAsKuLeLi06

% also: "Non-Blocking Synchronization and Object-Oriented Operating System Design" by C. Scott Ananian was supposed to be MIT-LCS-TR-928 in 2005

@InProceedings{Ananian05,
  author = 	 {C. Scott Ananian and Martin Rinard},
  title = 	 {Efficient Object-Based Software Transactions},
  booktitle =	 {Synchronization and Concurrency in Object-Oriented Languages (SCOOL)},
  year =	 2005,
  address =	 {San Diego, CA},
  month =	 oct
}

%AnanianAsKuLeLi05

@InProceedings{SalcianuRi05,
  author = 	 {Alexandru S\u{a}lcianu and Martin Rinard},
  title = 	 {Purity and Side Effect Analysis for {Java} Programs.},
  booktitle =	 {Proceedings of the 6th International Conference on Verification, Model Checking and Abstract Interpretation},
  pages =	 {199-215},
  year =	 2005,
  number =	 3385,
  series =	 {LNCS},
  doi = {10.1007/b105073}
}

@inproceedings{RinardSaBu04,
 author = {Martin Rinard and Alexandru S\u{a}lcianu and Suhabe Bugrara},
 title = {A classification system and analysis for aspect-oriented programs},
 booktitle = {SIGSOFT '04/FSE-12: Proceedings of the 12th ACM SIGSOFT twelfth international symposium on Foundations of software engineering},
 year = {2004},
 isbn = {1-58113-855-5},
 pages = {147--158},
 location = {Newport Beach, CA, USA},
 doi = {10.1145/1029894.1029917},
 publisher = {ACM Press},
 address = {New York, NY, USA},
 }

@inproceedings{AnanianRi03,
 author = {C. Scott Ananian and Martin Rinard},
 title = {Data size optimizations for {Java} programs},
 booktitle = {Proceedings of the Joint Conference on Languages, Compilers, and Tools for Embedded Systems (LCTES '03)},
 year = {2003},
 isbn = {1-58113-647-1},
 pages = {59--68},
 location = {San Diego, California, USA},
 doi = {10.1145/780732.780741},
 publisher = {ACM Press},
 address = {New York, NY, USA},
 }
@inproceedings{BoyapatiSaBeRi03,
 author = {Chandrasekhar Boyapati and Alexandru Salcianu and Beebee, Jr, William and Martin Rinard},
 title = {Ownership types for safe region-based memory management in {Real-Time Java}},
 booktitle = {PLDI '03: Proceedings of the ACM SIGPLAN 2003 conference on Programming language design and implementation},
 year = {2003},
 isbn = {1-58113-662-5},
 pages = {324--337},
 location = {San Diego, California, USA},
 doi = {10.1145/781131.781168},
 publisher = {ACM Press},
 address = {New York, NY, USA},
 }

@InProceedings{FeizabadiBeRaLiRi03,
  author = 	 {Shahrooz Feizabadi and Beebee, Jr, William and Binoy Ravindran and Peng Li and Martin Rinard},
  title = 	 {Utility Accrual Scheduling with {Real-Time Java}},
  booktitle =	 {Workshop on Java Technologies for Real-Time and Embedded Systems (JTRES)},
  pages =	 {550--563},
  year =	 2003,
  volume =	 {2889/2003},
  series =	 {LNCS},
  isbn = {3-540-20494-6},
  doi =		 {10.1007/b94345}
}

@inproceedings{GheorghioiuSaRi03,
 author = {Ovidiu Gheorghioiu and Alexandru Salcianu and Martin Rinard},
 title = {Interprocedural compatibility analysis for static object preallocation},
 booktitle = {POPL '03: Proceedings of the 30th ACM SIGPLAN-SIGACT symposium on Principles of programming languages},
 year = {2003},
 isbn = {1-58113-628-5},
 pages = {273--284},
 location = {New Orleans, Louisiana, USA},
 doi = {10.1145/604131.604154},
 publisher = {ACM Press},
 address = {New York, NY, USA},
 }
@inproceedings{ZeeRi02,
 author = {Karen Zee and Martin Rinard},
 title = {Write barrier removal by static analysis},
 booktitle = {OOPSLA '02: Proceedings of the 17th ACM SIGPLAN conference on Object-oriented programming, systems, languages, and applications},
 year = {2002},
 isbn = {1-58113-471-1},
 pages = {191--210},
 location = {Seattle, Washington, USA},
 doi = {10.1145/582419.582439},
 publisher = {ACM Press},
 address = {New York, NY, USA},
 }
@inproceedings{WitchelCaAs02,
 author = {Emmett Witchel and Josh Cates and Krste Asanovi\'c},
 title = {Mondrian memory protection},
 booktitle = {ASPLOS-X: Proceedings of the 10th international conference on Architectural support for programming languages and operating systems},
 year = {2002},
 isbn = {1-58113-574-2},
 pages = {304--316},
 location = {San Jose, California},
 doi = {10.1145/605397.605429},
 publisher = {ACM Press},
 address = {New York, NY, USA},
 }
@MastersThesis{Gheorghioiu02,
  author = 	 {Ovidiu Gheorghioiu},
  title = 	 {Statically Determining Memory Consumption of {Real-Time Java} Threads},
  school = 	 {MIT Department of Electrical Engineering and Computer Science},
  year = 	 2002,
  month =	 jun
}

@MastersThesis{Francu02,
  author = 	 {Catalin A. Francu},
  title = 	 {Real-Time Scheduling for {Java}},
  school = 	 {MIT Department of Electrical Engineering and Computer Science},
  year = 	 2002,
  month =	 jun
}

% WitchelLaAnAs01

@InProceedings{Whaley01,
 author = {John Whaley},
 title = {Partial method compilation using dynamic profile information},
 booktitle = {OOPSLA '01: Proceedings of the 16th ACM SIGPLAN conference on Object oriented programming, systems, languages, and applications},
 year = {2001},
 isbn = {1-58113-335-9},
 pages = {166--179},
 location = {Tampa Bay, FL, USA},
 doi = {10.1145/504282.504295},
 publisher = {ACM Press},
 address = {New York, NY, USA},
 }

@MastersThesis{Salcianu01,
  author = 	 {Alexandru S\u{a}lcianu},
  title = 	 {Pointer Analysis and its Applications for {Java} Programs},
  school = 	 {Massachusetts Institute of Technology},
  year = 	 2001,
  month =	 sep
}

@InProceedings{BeebeeRi01,
  author = 	 {William S. Beebee and Martin Rinard},
  title = 	 {An Implementation of Scoped Memory for {Real-Time Java}},
  booktitle =	 {Proceedings of Embedded Software: First International Workshop (EMSOFT 2001)},
  year =	 2001,
  volume =	 {2211/2001},
  series =	 {LNCS},
  address =	 {Tahoe City, CA},
  month =	 oct
}

@MastersThesis{Beebee01,
  author = 	 {Beebee, Jr, William S.},
  title = 	 {Region-Based Memory Management for {Real-Time Java}},
  school = 	 {MIT Dept. of Electrical Engineering and Computer Science},
  year = 	 2001,
  month =	 sep
}

@MastersThesis{Klock01,
  author = 	 {Klock, II, Felix S.},
  title = 	 {Architecture independent register allocation},
  school = 	 {MIT Dept. of Electrical Engineering and Computer Science},
  year = 	 2001
}


@inproceedings{SalcianuRi01,
 author = {Alexandru S\u{a}lcianu and Martin Rinard},
 title = {Pointer and escape analysis for multithreaded programs},
 booktitle = {PPoPP '01: Proceedings of the eighth ACM SIGPLAN symposium on Principles and practices of parallel programming},
 year = {2001},
 isbn = {1-58113-346-4},
 pages = {12--23},
 location = {Snowbird, Utah, United States},
 doi = {10.1145/379539.379553},
 publisher = {ACM Press},
 address = {New York, NY, USA},
 }
@inproceedings{VivienRi01,
 author = {Fr{\'e}d{\'e}ric Vivien and Martin Rinard},
 title = {Incrementalized pointer and escape analysis},
 booktitle = {PLDI '01: Proceedings of the ACM SIGPLAN 2001 conference on Programming language design and implementation},
 year = {2001},
 isbn = {1-58113-414-2},
 pages = {35--46},
 location = {Snowbird, Utah, United States},
 doi = {10.1145/378795.378804},
 publisher = {ACM Press},
 address = {New York, NY, USA},
 }

% Ananian99

% WhaleyRi99
