% papers to read.

@InProceedings{knobe98:arrayssa,
  author = 	 {Kathleen Knobe and Vivek Sarkar},
  title = 	 {Array {SSA} Form and its use in Parallelization},
  booktitle = 	 POPL98,
  year =	 1998,
  address =	 {San Diego, California},
  month =	 jan,
  pages =	 {107-120},
  url = 	 {http://www.acm.org/pubs/citations/proceedings/plan/268946/p107-knobe/},
  annote =	 {haven't read}
}

@InProceedings{cytron93:mayalias,
  author = 	 {Ron Cytron and Reid Gershbein},
  title = 	 {Efficient Accomodation of May-Alias Information in
                  {SSA} Form},
  booktitle = 	 PLDI93,
  year =	 1993,
  address =	 {Albuquerque, New Mexico},
  month =	 jun,
  pages =	 {36-45},
  url = 	 {http://www.acm.org/pubs/citations/proceedings/pldi/155090/p36-cytron/},
  annote =	 {haven't read.}
}

@InProceedings{johnson93:depend,
  author = 	 {Richard Johnson and Keshav Pingali},
  title = 	 {Dependence-Based Program Analysis},
  booktitle = 	 PLDI93,
  year =	 1993,
  address =	 {Albuquerque, New Mexico},
  month =	 jun,
  pages =	 {78-89},
  url = 	 {http://www.acm.org/pubs/citations/proceedings/pldi/155090/p78-johnson/},
  annote =	 {haven't read}
}

@InProceedings{johnson94:pst,
  author = 	 {Richard Johnson and David Pearson and Keshav Pingali},
  title = 	 {The Program Structure Tree: Computing Control
                  Regions in Linear Time},
  booktitle = 	 PLDI94,
  year =	 1994,
  address =	 {Orlando, Florida},
  month =	 jun,
  pages =	 {171-185},
  url = 	 {http://www.acm.org/pubs/citations/proceedings/pldi/178243/p171-johnson/},
  annote =	 {haven't read.}
}

@InProceedings{bilardi96:ctrldep,
  author = 	 {Gianfranco Bilardi and Keshav Pingali},
  title = 	 {A Framework for Generalized Control Dependence},
  booktitle = 	 PLDI96,
  year =	 1996,
  address =	 {Philadelphia, Pennsylvania},
  month =	 may,
  pages =	 {291-300},
  url =		 {http://www.acm.org/pubs/citations/proceedings/pldi/231379/p291-bilardi/},
  annote =	 {haven't read.}
}

@Unpublished{briggs97:ssa,
  author = 	 {Preston Briggs and Keith D. Cooper and Timothy
                  J. Harvey and L. Taylor Simpson},
  title = 	 {Practical Improvements to the Construction and
                  Destruction of Static Single Assignment Form},
  note = 	 {Submitted for publication},
  year =	 1997,
  month =	 may,
  url =		 {http://www.cs.rice.edu/~harv/ssa.ps},
  annote =	 {haven't read yet.}
}

% Haven't fetched hardcopy yet.

@InProceedings{chow96:hssa,
  author = 	 {F. Chow and S. Chan and S. Liu and R. Lo and M Streich},
  title = 	 {Effective Representation of Aliases and Indirect
                  Memory Operations in {SSA} form},
  booktitle = 	 {Proceedings of the Sixth International Conference on
                  Compiler Construction},
  year =	 1996,
  month =	 apr,
  pages =	 {253-267},
  annote =	 {Haven't fetched from library yet.}
}

@InProceedings{scholl97:bddsim,
  author = 	 {Christoph Scholl and Rolf Dreschsler and Bernd Becker},
  title = 	 {Functional Simulation Using Binary Decision Diagrams},
  booktitle = 	 ICCAD,
  year =	 1997,
  address =	 {San Jose, California},
  month =	 nov,
  pages =	 {8-12},
  url =		 {http://www.acm.org/pubs/citations/proceedings/dac/266388/p8-scholl/},
  annote =	 {Haven't read yet. Looks promising.}
}

@Article{yasue96:dataflow,
  author = 	 {T. Yasue and Y. Muraoka},
  title = 	 {A Compiling Technique for Dataflow machines: new
                  algorithm for optimum translation from control flow
                  graph into dataflow graph},
  journal = 	 {Systems and Computers in Japan},
  year = 	 1996,
  volume =	 27,
  number =	 4,
  month =	 apr,
  pages =	 {12-24},
  annote =	 {Looks promising.  Hopefully it will be intelligible.}
}

@Article{yasue95:dataflow,
  author = 	 {T. Yasue and Y. Muraoka},
  title = 	 {A compiling technique for dataflow machines: new
                  algorithm for optimum translation from control flow
                  graph into dataflow graph},
  journal = 	 {Transactions of the Institute of Electronics,
                  Information, and Communication Engineers D-I},
  year = 	 1995,
  volume =	 {J78D-I},
  number =	 2,
  month =	 feb,
  pages =	 {189-199},
  annote =	 {Same as above.}
}

@Article{malik93:retiming,
  author = 	 {Sharad Malik and K. J. Singh and Robert K. Brayton and
                  Alberto Sangiovanni-Vincentelli},
  title = 	 {Performance Optimization of Pipelined Logic Circuits
                  Using Peripheral Retiming and Resynthesis},
  journal = 	 {{IEEE} Transactions on Computer-Aided
                  Design of Integrated Circuits and Systems},
  year = 	 1993,
  volume =	 12,
  number =	 5,
  month =	 may,
  pages =	 {568-578},
  annote =	 {Haven't fetched from the library yet.}
}


@InProceedings{fiduccia82:fm,
  author = 	 {C. M. Fiduccia and R. M. Mattheyses},
  title = 	 {A Linear-Time Heuristic for Improved Network Partitions},
  booktitle = 	 {Design Automation Conference},
  year =	 1982,
  pages =	 {241-247},
  annote =	 {Source for the FM partitioning algorithm, reference
                  in the 'Replication for logic bipartitioning'
                  paper. Haven't fetched.}
}

@InProceedings{hauck95:strawman,
  author = 	 {S. Hauck and G. Borriello},
  title = 	 {An Evaluation of Bipartitioning Techniques},
  booktitle = 	 {Chapel Hill Conference on Advanced Research in VLSI},
  year =	 1995,
  month =	 mar,
  pages =	 {383-402},
  annote =	 {Source of the 'Strawman' partitioning algorithm,
                  which (apparently) has the best published results.
                  There is also a University of Washington PhD thesis
                  by Hauck titled 'Multi-FPGA Systems' (Dept of CSE)
                  that describes the algorithm. Haven't fetched.}
}

@Article{padua86:loop,
  author = 	 {D. A. Padua and M. Wolfe},
  title = 	 {Advanced Compiler Optimizations for Supercomputers},
  journal = 	 {Communications of the {ACM}},
  year = 	 1986,
  volume =	 29,
  number =	 12,
  month =	 dec,
  pages =	 {118-1201},
  annote =	 {Haven't fetched.  Loop distribution and Loop
                  interchanging.  Referenced in the 'beyond induction
                  variables' paper.}
}
